@online{W3,
    author    = {W3 schools},
    title     = {W3 schools CSS styling},
    url = {https://www.w3schools.com/},
}
