@online{W3,
    author    = {W3 schools},
    title     = {W3 schools CSS styling},
    url = {https://www.w3schools.com/},
}

@online{trip,
    author    = {RSA Laboratories},
    title     = {PBKDF2},
    url = {https://www.emc.com/collateral/white-papers/h11302-pkcs5v2-1-password-based-cryptography-standard-wp.pdf},
}

@online{draw,
    author    = {JGraph Ltd},
    title     = {Draw.io Diagram Generating Software},
    url = {https://about.draw.io/},
}